<record><leader>00000cas a22000007a 4500</leader><controlfield tag="001">27197912</controlfield><controlfield tag="008">930105d18621864nyuwr ne      0    0eng d</controlfield><datafield ind1=" " ind2=" " tag="010"><subfield code="a">sn 93063727 </subfield></datafield><datafield ind1=" " ind2=" " tag="040"><subfield code="a">NYS</subfield><subfield code="b">eng</subfield><subfield code="c">NYS</subfield><subfield code="d">NVF</subfield><subfield code="d">OCL</subfield><subfield code="d">OCLCQ</subfield><subfield code="d">OCLCF</subfield><subfield code="d">OCLCO</subfield></datafield><datafield ind1="1" ind2=" " tag="029"><subfield code="a">AU@</subfield><subfield code="b">000020230876</subfield></datafield><datafield ind1=" " ind2=" " tag="042"><subfield code="a">msc</subfield></datafield><datafield ind1=" " ind2=" " tag="043"><subfield code="a">n-us-ny</subfield></datafield><datafield ind1="0" ind2=" " tag="130"><subfield code="a">Buffalo Christian advocate (Buffalo, N.Y. : 1862)</subfield></datafield><datafield ind1="1" ind2="0" tag="245"><subfield code="a">Buffalo Christian advocate.</subfield></datafield><datafield ind1="3" ind2="0" tag="246"><subfield code="a">Buffalo advocate</subfield></datafield><datafield ind1="1" ind2="3" tag="246"><subfield code="a">Christian advocate</subfield></datafield><datafield ind1=" " ind2=" " tag="260"><subfield code="a">Buffalo, N.Y. :</subfield><subfield code="b">[s.n.],</subfield><subfield code="c">1862-1864.</subfield></datafield><datafield ind1=" " ind2=" " tag="300"><subfield code="a">v.</subfield></datafield><datafield ind1=" " ind2=" " tag="310"><subfield code="a">Weekly</subfield></datafield><datafield ind1="0" ind2=" " tag="362"><subfield code="a">Vol. 13, no. 1 (Jan. 2, 1862)-v. 15, no. 77 (Dec. 27, 1864).</subfield></datafield><datafield ind1=" " ind2=" " tag="500"><subfield code="a">"Christian" appears in masthead ornament, 1862-&lt;1863&gt;.</subfield></datafield><datafield ind1=" " ind2="0" tag="651"><subfield code="a">Buffalo (N.Y.)</subfield><subfield code="v">Newspapers.</subfield></datafield><datafield ind1=" " ind2="7" tag="655"><subfield code="a">Newspapers.</subfield><subfield code="2">fast</subfield><subfield code="0">(OCoLC)fst01423814</subfield></datafield><datafield ind1=" " ind2="7" tag="651"><subfield code="a">New York (State)</subfield><subfield code="z">Buffalo.</subfield><subfield code="2">fast</subfield><subfield code="0">(OCoLC)fst01205730</subfield></datafield><datafield ind1=" " ind2=" " tag="752"><subfield code="a">United States</subfield><subfield code="b">New York</subfield><subfield code="c">Erie</subfield><subfield code="d">Buffalo.</subfield></datafield><datafield ind1="0" ind2="0" tag="780"><subfield code="t">Advocate (Buffalo, N.Y. : 1857)</subfield><subfield code="w">(DLC)sn 93063726</subfield></datafield><datafield ind1="0" ind2="0" tag="785"><subfield code="t">Advocate (Buffalo, N.Y. : 1865)</subfield><subfield code="w">(DLC)sn 93063728</subfield></datafield></record>